@inproceedings{bauer2019resampled,
  title={Resampled priors for variational autoencoders},
  author={Bauer, Matthias and Mnih, Andriy},
  booktitle={The 22nd International Conference on Artificial Intelligence and Statistics},
  pages={66--75},
  year={2019}
}

@inproceedings{kingma2014auto,
  title={Auto-Encoding Variational Bayes},
  author={Kingma, Diederik P and Welling, Max},
  booktitle={ICLR},
  year={2014}
}

@inproceedings{kingma2014stochastic,
  title={Stochastic gradient VB and the variational auto-encoder},
  author={Kingma, Diederik P and Welling, Max},
  booktitle={ICLR},
  year={2014}
}

@inproceedings{rezende_stochastic_2014,
  title={Stochastic Backpropagation and Approximate Inference in Deep Generative Models},
  author={Rezende, Danilo Jimenez and Mohamed, Shakir and Wierstra, Daan},
  booktitle={ICML},
  year={2014}
}

@inproceedings{gulrajani2017improved,
  title={Improved training of wasserstein gans},
  author={Gulrajani, Ishaan and Ahmed, Faruk and Arjovsky, Martin and Dumoulin, Vincent and Courville, Aaron C},
  booktitle={NIPS},
  year={2017}
}

@inproceedings{goodfellow_generative_2014,
	title = {Generative adversarial nets},
	booktitle = {NIPS},
	author = {Goodfellow, Ian and Pouget-Abadie, Jean and Mirza, Mehdi and Xu, Bing and Warde-Farley, David and Ozair, Sherjil and Courville, Aaron and Bengio, Yoshua},
	year = {2014},
}

@article{arjovsky2017wasserstein,
  title={Wasserstein gan},
  author={Arjovsky, Martin and Chintala, Soumith and Bottou, L{\'e}on},
  journal={arXiv preprint arXiv:1701.07875},
  year={2017}
}

@inproceedings{rezende_stochastic_2014,
  title={Stochastic Backpropagation and Approximate Inference in Deep Generative Models},
  author={Rezende, Danilo Jimenez and Mohamed, Shakir and Wierstra, Daan},
  booktitle={ICML},
  year={2014}
}

@inproceedings{salimans_markov_2015,
	title = {Markov chain monte carlo and variational inference: {Bridging} the gap},
	shorttitle = {Markov chain monte carlo and variational inference},
	booktitle = {ICML},
	author = {Salimans, Tim and Kingma, Diederik and Welling, Max},
	year = {2015},
}

@inproceedings{kingma2014adam,
  title={Adam: A method for stochastic optimization},
  author={Kingma, Diederik P and Ba, Jimmy},
  booktitle={ICLR},
  year={2014}
}

@article{oord2016pixel,
  title={Pixel recurrent neural networks},
  author={Oord, Aaron van den and Kalchbrenner, Nal and Kavukcuoglu, Koray},
  journal={arXiv preprint arXiv:1601.06759},
  year={2016}
}

@inproceedings{goodfellow2014generative,
  title={Generative adversarial nets},
  author={Goodfellow, Ian and Pouget-Abadie, Jean and Mirza, Mehdi and Xu, Bing and Warde-Farley, David and Ozair, Sherjil and Courville, Aaron and Bengio, Yoshua},
  booktitle={Advances in neural information processing systems},
  pages={2672--2680},
  year={2014}
}

@article{dinh2016density,
  title={Density estimation using real nvp},
  author={Dinh, Laurent and Sohl-Dickstein, Jascha and Bengio, Samy},
  journal={arXiv preprint arXiv:1605.08803},
  year={2016}
}

@inproceedings{kingma2018glow,
  title={Glow: Generative flow with invertible 1x1 convolutions},
  author={Kingma, Durk P and Dhariwal, Prafulla},
  booktitle={Advances in Neural Information Processing Systems},
  pages={10215--10224},
  year={2018}
}

@inproceedings{van2016conditional,
  title={Conditional image generation with pixelcnn decoders},
  author={Van den Oord, Aaron and Kalchbrenner, Nal and Espeholt, Lasse and Vinyals, Oriol and Graves, Alex and others},
  booktitle={Advances in neural information processing systems},
  pages={4790--4798},
  year={2016}
}

@inproceedings{kingma2016improved,
  title={Improved variational inference with inverse autoregressive flow},
  author={Kingma, Durk P and Salimans, Tim and Jozefowicz, Rafal and Chen, Xi and Sutskever, Ilya and Welling, Max},
  booktitle={Advances in neural information processing systems},
  pages={4743--4751},
  year={2016}
}

@article{tomczak2016improving,
  title={Improving variational auto-encoders using householder flow},
  author={Tomczak, Jakub M and Welling, Max},
  journal={arXiv preprint arXiv:1611.09630},
  year={2016}
}

@inproceedings{tomczak2018vae,
  title={VAE with a VampPrior},
  author={Tomczak, Jakub and Welling, Max},
  booktitle={International Conference on Artificial Intelligence and Statistics},
  pages={1214--1223},
  year={2018}
}

@inproceedings{takahashi2019variational,
  title={Variational Autoencoder with Implicit Optimal Priors},
  author={Takahashi, Hiroshi and Iwata, Tomoharu and Yamanaka, Yuki and Yamada, Masanori and Yagi, Satoshi},
  booktitle={Proceedings of the AAAI Conference on Artificial Intelligence},
  volume={33},
  pages={5066--5073},
  year={2019}
}

@article{arjovsky2017wasserstein,
  title={Wasserstein gan},
  author={Arjovsky, Martin and Chintala, Soumith and Bottou, L{\'e}on},
  journal={arXiv preprint arXiv:1701.07875},
  year={2017}
}

@inproceedings{wu2018wasserstein,
  title={Wasserstein divergence for gans},
  author={Wu, Jiqing and Huang, Zhiwu and Thoma, Janine and Acharya, Dinesh and Van Gool, Luc},
  booktitle={Proceedings of the European Conference on Computer Vision (ECCV)},
  pages={653--668},
  year={2018}
}

@article{kumar2019maximum,
  title={Maximum Entropy Generators for Energy-Based Models},
  author={Kumar, Rithesh and Goyal, Anirudh and Courville, Aaron and Bengio, Yoshua},
  journal={arXiv preprint arXiv:1901.08508},
  year={2019}
}

@article{nalisnick2018deep,
  title={Do deep generative models know what they don't know?},
  author={Nalisnick, Eric and Matsukawa, Akihiro and Teh, Yee Whye and Gorur, Dilan and Lakshminarayanan, Balaji},
  journal={arXiv preprint arXiv:1810.09136},
  year={2018}
}

@article{netzer2011reading,
  title={Reading digits in natural images with unsupervised feature learning},
  author={Netzer, Yuval and Wang, Tao and Coates, Adam and Bissacco, Alessandro and Wu, Bo and Ng, Andrew Y},
  year={2011}
}

@article{lecun1998gradient,
  title={Gradient-based learning applied to document recognition},
  author={LeCun, Yann and Bottou, L{\'e}on and Bengio, Yoshua and Haffner, Patrick and others},
  journal={Proceedings of the IEEE},
  volume={86},
  number={11},
  pages={2278--2324},
  year={1998},
  publisher={Taipei, Taiwan}
}

@online{xiao2017/online,
  author       = {Han Xiao and Kashif Rasul and Roland Vollgraf},
  title        = {Fashion-MNIST: a Novel Image Dataset for Benchmarking Machine Learning Algorithms},
  date         = {2017-08-28},
  year         = {2017},
  eprintclass  = {cs.LG},
  eprinttype   = {arXiv},
  eprint       = {cs.LG/1708.07747},
}

@book{gelfand2000calculus,
  title={Calculus of variations},
  author={Gelfand, Izrail Moiseevitch and Silverman, Richard A and others},
  year={2000},
  publisher={Courier Corporation}
}
